@Manual{MRMCaov-package,
  author = {Brian J Smith and Stephen L Hillis and Lorenzo L Pesce},
  title = {MCMCaov: Multi-Reader Multi-Case Analysis of Variance},
  year = {2020},
  note = {R package version 0.1.9},
  url = {https://github.com/brian-j-smith/MRMCaov},
}

@InProceedings{MRMCaov-SPIE2020,
  author = {Brian J. Smith and Stephen L. Hillis},
  title = {Multi-reader multi-case analysis of variance software for diagnostic performance comparison of imaging modalities},
  booktitle = {Proceedings of SPIE 11316, Medical Imaging 2020: Image Perception, Observer Performance, and Technology Assessment},
  editor = {Frank Samuelson and Sian Taylor-Phillips},
  month = {16 March},
  year = {2020},
  pages = {113160K},
  doi = {10.117/12.2549075},
  url = {https://pubmed.ncbi.nlm.nih.gov/32351258},
}
