@article{Abbey:2013:SPC,
  title = {Statistical power considerations for a utility endpoint in observer performance studies},
  author= {Craig K Abbey and Frank W Samuelson and Brandon D Gallas},
  journal = {Academic Radiology},
  year = {2013},
  volume = {207},
  pages = {798--806}
}

@Manual{BayesianFROC-package,
  author = {Issei Tsunoda},
  title = {{BayesianFROC}: FROC Analysis by Bayesian Approaches},
  year = {2022},
  note = {R package version 1.0.0},
  url = {https://cran.r-project.org/package=BayesianFROC},
}

@Manual{Chakraborty:2020:RJafroc,
  title = {{RJafroc}: Artificial Intelligence Systems and Observer Performance},
  author = {Dev Chakraborty and Peter Phillips and Xuetong Zhai},
  year = {2020},
  note = {R package version 2.0.1},
  url = {https://CRAN.R-project.org/package=RJafroc},
}

@article{Chen:2014:ARO,
  title = {The average receiver operating characteristic curve in multireader multicase imaging studies},
  author= {W Chen and Frank W Samuelson},
  journal = {The British Journal of Radiology},
  year = {2014},
  volume = {87},
  issue = {1040},
  pages = {20140016}
}

@article{DeLong:1988:CAU,
	author = {E R DeLong and D M DeLong and D L Clarke-Pearson},
	title = {Comparing the areas under two or more correlated receiver operating characteristic curves: a nonparametric approach},
	journal = {Biometrics},
  year = {1988},
	volume = {44},
  issue = {3},
	pages = {837--845},
}

@article{Dorfman:1992:ROC,
  author = {D D Dorfman and K S Berbaum and C E Metz},
  title = {Receiver operating characteristic rating analysis. {Generalization} to the population of readers and patients with the jackknife method.},
  journal = {Investigative Radiology},
  year = {1992},
  volume = {27},
  issue = {9},
  pages = {723-731},
}

@book{Efron:1982:JBR,
  author    = {Bradley Efron},
  title     = {The Jackknife, the bootstrap and other resampling plans},
  publisher = {SIAM},
  address   = {Philadelphia},
  year      = {1982},
}

@article{Gallas:2007:MMV,
  author = {B D Gallas and G A Pennello and K J Meyers},
  title = {Multireader multicase variance analysis for binary data},
  journal = {Journal of the Optical Society of America A},
  year = {2007},
  volume = {24},
  issue = {12},
  pages = {B70-B80}
}

@Manual{Gallas:2022:iMRMC,
  title = {{iMRMC}: multi-reader, multi-Case analysis methods (ROC, agreement, and
other metrics)},
  author = {Brandon Gallas},
  year = {2022},
  note = {R package version 1.2.4},
  url = {https://CRAN.R-project.org/package=iMRMC},
}


@article{Hillis:2005:CDB,
	author = {S L Hillis and N A Obuchowski and K M Schartz and K S Berbaum},
	title = {A comparison of the {Dorfman-Berbaum-Metz} and {Obuchowski-Rockette} methods for receiver operating characteristic {(ROC)} data},
	journal = {Statistics in Medicine},
  year = {2005},
	volume = {24},
	pages = {1579--1607},
}

@article{Hillis:2007:CDD,
	author = {S L Hillis},
	title = {A comparison of denominator degrees of freedom methods for multiple observer {ROC} analysis},
	journal = {Statistics in Medicine},
  year = {2007},
	volume = {26},
  issue = {3},
	pages = {596--619},
}

@article{Hillis:2008:RDD,
	author = {S L Hillis and K S Berbaum and C E Metz},
	title = {Recent developments in the {Dorfman-Berbaum-Metz} procedure for multireader {ROC} study analysis},
	journal = {Academic Radiology},
  year = {2008},
	volume = {15},
	pages = {647--661},
}

@article{Hillis:2014:MMA,
	author = {S L Hillis},
	title = {A marginal-mean {ANOVA} approach for analyzing mulitreader multicase radiological imaging data},
	journal = {Statistics in Medicine},
  year = {2014},
	volume = {33},
  issue = {2},
	pages = {330--360},
}

@article{Hillis:2017:EBL,
	author = {S L Hillis},
	title = {Equivalence of binormal likelihood-ratio and bi-chi-squared ROC curve models},
	journal = {Statistics in Medicine},
  year = {2017},
	volume = {35},
  issue = {12},
	pages = {2031--2057},
}

@article{Hillis:2018:RRM,
	author = {S L Hillis},
	title = {Relationship between {Roe} and {Metz} simulation model for multireader diagnostic data and {Obuchowski-Rockette} model parameters},
	journal = {Statistics in Medicine},
  year = {2018},
	volume = {37},
	pages = {2067--2093},
}

@article{Metz:1993:PBR,
  author = {Charles E Metz and Xiaochuan Pan},
  title = {"Proper" binormal {ROC} curves: theory and maximum-likelihood estimation},
  journal = {Journal of Mathematical Psychology},
  year = {1999},
  volume = {43},
  issue = {1},
  pages = {1--33},
}

@Manual{MRMCaov-package,
  author = {Brian J Smith and Stephen L Hillis and Lorenzo L Pesce},
  title = {{MCMCaov}: multi-reader multi-case analysis of variance},
  year = {2022},
  note = {R package version 0.2.0},
  url = {https://github.com/brian-j-smith/MRMCaov},
}

@InProceedings{MRMCaov-SPIE2020,
  author = {Brian J. Smith and Stephen L. Hillis},
  title = {Multi-reader multi-case analysis of variance software for diagnostic performance comparison of imaging modalities},
  booktitle = {Proceedings of SPIE 11316, Medical Imaging 2020: Image Perception, Observer Performance, and Technology Assessment},
  editor = {Frank Samuelson and Sian Taylor-Phillips},
  month = {16 March},
  year = {2020},
  pages = {113160K},
  doi = {10.117/12.2549075},
  url = {https://pubmed.ncbi.nlm.nih.gov/32351258},
}

@article{Obuchowski:1995:HTD,
	author = {N A Obuchowski and H E Rockette},
	title = {Hypothesis testing of diagnostic accuracy for multiple readers and multiple tests: an {ANOVA} approach with dependent observations},
	journal = {Communications in Statistics--Simulation and Computation},
  year = {1995},
	volume = {24},
  issue = {2},
	pages = {285--308},
}

@article{Pan:1997:PBM,
  author = {Xiaochuan Pan and Charles E Metz},
  title = {The "proper" binormal model: parametric receiver operating characteristic curve estimation with degenerate data},
  journal = {Statistics in Radiology},
  year = {1997},
  volume = {4},
  issue = {5},
  pages = {380--389},
}

@article{Perkins:2006:IOC,
    author = {Neil J Perkins and Enrique F Schisterman},
    title = {The inconsistency of "optimal" cutpoints obtained using two criteria based on the receiver operating characteristic curve},
    journal = {American Journal of Epidemiology},
    volume = {163},
    number = {7},
    pages = {670-675},
    year = {2006},
}

@Article{Robin:2011:pROC,
  title = {{pROC}: an open-source package for R and S+ to analyze and compare ROC curves},
  author = {Xavier Robin and Natacha Turck and Alexandre Hainard and Natalia Tiberti and Frédérique Lisacek and Jean-Charles Sanchez and Markus Müller},
  year = {2011},
  journal = {BMC Bioinformatics},
  volume = {12},
  pages = {77},
}

@article{Youden:1950:IRD,
  author = {W J Youden},
  title = {Index for rating diagnostic tests},
  journal = {Cancer},
  year = {1950},
  volume = {3},
  number = {1},
  pages = {32-35},
}

@unpublished{VanDyke:1993:CMD,
  author       = {C W VanDyke and R D White and N A Obuchowski and M A Geisinger and R J Lorig and M A Meziane},
  title        = {Cine {MRI} in the diagnosis of thoracic aortic dissection},
  year         = {1993},
  note         = {79th Radiological Society of North America Meetings},
  address      = {Chicago, IL},
}
